@article{ albeson2007__ocw,
          author = {Hal Abelson},
          title = {The Creation of OpenCourseWare at MIT},
          year = {2007},
          url={http://hdl.handle.net/1721.1/37585},
}


@misc{mit_2005_opencourseware,
    author = {{massachusetts}},
    howpublished = {http://ocw.mit.edu/},
    month = {Last},
    title = {{MIT OpenCourseWare}},
    url = {http://ocw.mit.edu/},
    year = {2006}
}

	
@book{  sagan_1996__candle_in_dark,
	author = {Carl Sagan},
	isbn = {0-345-40946-9},
	publisher = {Ballantine Books},
        year = {1996},
	title = {The demon-haunted world : science as a candle in the dark},
}


@phdthesis{ education:cavallo__technological_fluency,
    author = {Cavallo, David Paul},
    note = {Supervisor-Papert, Seymour},
    title = {Technological fluency and the art of motorcycle maintenance: emergent design of learning environments (thailand)},
    year = {2000},
    publisher = {Massachusetts Institute of Technology},
 }



@book{  education:ivan_illich__deschooling_society,
	author = {Illich, Ivan  },
	citeulike-article-id = {494750},
	howpublished = {Paperback},
	isbn = {0714508799},
	keywords = {alexander, design, education, mathgamespatterns, patterns, radical, theory},
	posted-at = {2006-02-07 02:12:35},
	priority = {2},
	publisher = {{Marion Boyars Publishers, Ltd.}},
	title = {Deschooling Society},
	url = {http://www.amazon.ca/exec/obidos/redirect?tag=citeulike09-20\&amp;path=ASIN/0714508799}
}


@article{ education:cavallo__models_of_growth,
          author = {Cavallo, D.},
          title = {Models of Growth --- Towards Fundamental Change in Learning Environments},
          journal = {BT Technology Journal},
          volume = {22},
          number = {4},
          year = {2004},
          issn = {1358-3948},
          pages = {96--112},
          url = {http://dx.doi.org/10.1023/B:BTTJ.0000047588.81509.4c},
          publisher = {Kluwer Academic Publishers},
          address = {Hingham, MA, USA},
}


@inbook{ education:papert__situating_constructionism,
        author = {Papert, Seymour   and Harel, Idit  },
	booktitle = {Constructionism},
	keywords = {cognition, constructionism, knowledge, learning, theory},
	publisher = {Ablex Publishing},
	title = {Situating Constructionism},
	url = {http://www.papert.org/articles/SituatingConstructionism.html},
	year = {1991}
}

@article{ education:cavallo_building_knowledge,
          author = {Cavallo, D.},
          title = {Emergent design and learning environments: building on indigenous knowledge},
          journal = {IBM Syst. J.},
          volume = {39},
          number = {3-4},
          year = {2000},
          issn = {0018-8670},
          pages = {768--781},
          publisher = {IBM Corp.},
          address = {Riverton, NJ, USA},
          url = "web.media.mit.edu/~cavallo/cavallo_emergent_design.pdf"
}
 
@Book{ education:paulo_freire__pedagogia_da_autonomia,
	author = "Paulo Freire",
	publisher = "Paz E Terra",
	title = "Pedagogia da Autonomia; Saberes Necessário A Prática Educativa",
	year = "1996"
}

@Book{ education:papert_mindstorms,
	author = "Seymour Papert",
	howpublished = "Paperback",
	isbn = "0465046274",
	keywords = "constructionism, debug, education, learning, logo, mathgamespatterns, microworlds, programming",
	month = "January",
	publisher = "{Basic Books}",
	title = "Mindstorms: Children, computers, and powerful ideas",
	year = "1981"
}

@Book{ education:anne_eisenberg_learning_native_speaker,
	author = "Anne Eisenberg",
	title = "Learning From a Native Speaker, Without Leaving Home",
	year = "2008",
	month = "feb 17",
	publisher = "New York Times", 
        url = "http://www.nytimes.com/2008/02/17/business/17novel.html?_r=2&em&ex=1203483600&en=cde38341fd5cbf9f&ei=5087%0A&oref=slogin&oref=slogin"
}

@incollection{ education:papert&harel_software_design_learning_enviroment,
	address = {Norwood, NJ},
	author = {Harel, I.  and Papert, S. },
	booktitle = {Constructionism},
	editor = {Harel, I.  and Papert, S. },
	keywords = {constructionism, design, learning, mathgamespatterns, programming, software},
	pages = {41--84},
	publisher = {Ablex Accessed oct 9 2008},
	title = {Software Design as a Learning Environment},
	year = {1991},
        url = "http://carbon.cudenver.edu/~lsherry/courses/harel_papert.html"
} 

@incollection{ education:wilensky_abstract_meditations_concrete,
	address = {Norwood, NJ},
	author = {Wilensky, U. },
	booktitle = {Constructionism},
	editor = {Harel, I.  and Papert, S. },
	keywords = {education, mathematics},
	pages = {193--204},
	publisher = {Ablex Accessed oct 9 2008},
	title = {Abstract Meditations on the Concrete and Concrete Implications for Mathematics Education},
	year = {1991},
        url = "http://ccl.northwestern.edu/papers/concrete/"
}

@incollection{ education:resnick&ocko_learning_through_design,
	address = {Norwood, NJ},
	author = {Resnick, M.  and Ocko, S. },
	booktitle = {Constructionism},
	citeulike-article-id = {513442},
	editor = {Harel, I.  and Papert, S. },
	keywords = {constructionism, design, learning, logo, mathgamespatterns, programming},
	pages = {141--150},
	publisher = {Ablex  Accessed oct 9 2008},
	title = {LEGO/Logo: Learning Through and About Design},
	url = {http://llk.media.mit.edu/papers/archive/ll.html},
	year = {1991}
}

@book{ education:negroponte_speech_ted,
	author = {Negroponte, Nicholas},
	howpublished = {Speech},
	month = {February},
	year = {2006},
	publisher = {TED Accessed oct 9 2008},
	title = {Nicholas Negroponte at TED},
	url = {http://www.olpctalks.com/nicholas_negroponte/negroponte_ted_speech.html}
}

@book{ education:dewey_experience_education,
	author = {Dewey, John},
	howpublished = {Paperback},
	isbn = {0684838281},
	keywords = {deweyj, education, theory},
	month = {July},
	publisher = {Free Press},
	title = {Experience And Education},
	year = {1997}
}


@Book{ futurism:kurzweil_singularity_is_near,
	author = "Ray Kurzweil",
	title = "The Singularity Is Near: When Humans Transcend Biology",
	year = "2006",
	isbn = "0143037889",
	publisher = "Penguin (Non-Classics)"
}

@Book{ education:papert_gaston_vision_for_education,
	title = "Vision for Education: The Caperton-Papert Platform",
	author = "Seymour Papert and Gaston Caperton",
	url = "http://www.papert.org/articles/Vision_for_education.html",
        publisher = "Accessed sep 9 2008",
	month = "aug",
	year = "1999",
        notes = "This essay was written for the 91st annual National Governors'
                 Association meeting held in St. Louis, Missouri in August of 1999."
}


@Book{ education:olpc_educational_proposition,
	title = "educational proposition",
	author = "OLPC",
	url = "http://laptop.org/vision/mission/educational.shtml",
        publisher = "Accessed sep 9 2008",
}

@Book{ education:graham_what_you_whish,
	author = "Paul Graham",
	title = "What you'll wish you'd know",
	month = "jan",
	year = "2005",
        publisher = "Accessed sep 9 2008",
	url = "http://www.paulgraham.com/hs.html" 
}
